%YAML 1.1
%TAG !u! tag:unity3d.com,2011:
--- !u!1 &3905187190965425864
GameObject:
  m_ObjectHideFlags: 0
  m_CorrespondingSourceObject: {fileID: 0}
  m_PrefabInstance: {fileID: 0}
  m_PrefabAsset: {fileID: 0}
  serializedVersion: 6
  m_Component:
  - component: {fileID: 6046198803734721985}
  - component: {fileID: 536949299302627002}
  - component: {fileID: 7486424891800596230}
  m_Layer: 5
  m_Name: Top
  m_TagString: Untagged
  m_Icon: {fileID: 0}
  m_NavMeshLayer: 0
  m_StaticEditorFlags: 0
  m_IsActive: 1
--- !u!224 &6046198803734721985
RectTransform:
  m_ObjectHideFlags: 0
  m_CorrespondingSourceObject: {fileID: 0}
  m_PrefabInstance: {fileID: 0}
  m_PrefabAsset: {fileID: 0}
  m_GameObject: {fileID: 3905187190965425864}
  m_LocalRotation: {x: 0, y: 0, z: 0, w: 1}
  m_LocalPosition: {x: 0, y: 0, z: 0}
  m_LocalScale: {x: 1, y: 1, z: 1}
  m_Children: []
  m_Father: {fileID: 6922136069383851101}
  m_RootOrder: 3
  m_LocalEulerAnglesHint: {x: 0, y: 0, z: 0}
  m_AnchorMin: {x: 0, y: 0.25}
  m_AnchorMax: {x: 1, y: 0.75}
  m_AnchoredPosition: {x: 0, y: 0}
  m_SizeDelta: {x: 0, y: 0}
  m_Pivot: {x: 0.5, y: 0.5}
--- !u!222 &536949299302627002
CanvasRenderer:
  m_ObjectHideFlags: 0
  m_CorrespondingSourceObject: {fileID: 0}
  m_PrefabInstance: {fileID: 0}
  m_PrefabAsset: {fileID: 0}
  m_GameObject: {fileID: 3905187190965425864}
  m_CullTransparentMesh: 0
--- !u!114 &7486424891800596230
MonoBehaviour:
  m_ObjectHideFlags: 0
  m_CorrespondingSourceObject: {fileID: 0}
  m_PrefabInstance: {fileID: 0}
  m_PrefabAsset: {fileID: 0}
  m_GameObject: {fileID: 3905187190965425864}
  m_Enabled: 1
  m_EditorHideFlags: 0
  m_Script: {fileID: 11500000, guid: fe87c0e1cc204ed48ad3b37840f39efc, type: 3}
  m_Name: 
  m_EditorClassIdentifier: 
  m_Material: {fileID: 0}
  m_Color: {r: 1, g: 1, b: 1, a: 1}
  m_RaycastTarget: 1
  m_OnCullStateChanged:
    m_PersistentCalls:
      m_Calls: []
  m_Sprite: {fileID: 21300000, guid: 1e5e4d733911b46489ee7a26cf6c6c2b, type: 3}
  m_Type: 0
  m_PreserveAspect: 0
  m_FillCenter: 1
  m_FillMethod: 4
  m_FillAmount: 1
  m_FillClockwise: 1
  m_FillOrigin: 0
  m_UseSpriteMesh: 0
  m_PixelsPerUnitMultiplier: 1
--- !u!1 &5669609890758226402
GameObject:
  m_ObjectHideFlags: 0
  m_CorrespondingSourceObject: {fileID: 0}
  m_PrefabInstance: {fileID: 0}
  m_PrefabAsset: {fileID: 0}
  serializedVersion: 6
  m_Component:
  - component: {fileID: 5669609890757799362}
  - component: {fileID: 5669609890758226206}
  - component: {fileID: 5669609891655062459}
  - component: {fileID: 5669609891655062456}
  - component: {fileID: 5669609891655062455}
  - component: {fileID: 5669609890758226207}
  - component: {fileID: 5669609890758226401}
  - component: {fileID: 5669609890758226205}
  - component: {fileID: 4581225370889239201}
  - component: {fileID: 1201358262}
  - component: {fileID: -1440185063721708645}
  m_Layer: 0
  m_Name: Archer
  m_TagString: Untagged
  m_Icon: {fileID: 0}
  m_NavMeshLayer: 0
  m_StaticEditorFlags: 0
  m_IsActive: 1
--- !u!4 &5669609890757799362
Transform:
  m_ObjectHideFlags: 0
  m_CorrespondingSourceObject: {fileID: 0}
  m_PrefabInstance: {fileID: 0}
  m_PrefabAsset: {fileID: 0}
  m_GameObject: {fileID: 5669609890758226402}
  m_LocalRotation: {x: 0, y: 0, z: 0, w: 1}
  m_LocalPosition: {x: 0, y: 0, z: 0}
  m_LocalScale: {x: 1, y: 1, z: 1}
  m_Children:
  - {fileID: 2250264130998538545}
  - {fileID: 770699431427303117}
  m_Father: {fileID: 0}
  m_RootOrder: 0
  m_LocalEulerAnglesHint: {x: 0, y: 0, z: 0}
--- !u!114 &5669609890758226206
MonoBehaviour:
  m_ObjectHideFlags: 0
  m_CorrespondingSourceObject: {fileID: 0}
  m_PrefabInstance: {fileID: 0}
  m_PrefabAsset: {fileID: 0}
  m_GameObject: {fileID: 5669609890758226402}
  m_Enabled: 1
  m_EditorHideFlags: 0
  m_Script: {fileID: 11500000, guid: 7e3cd722ab3b84c4ba94673b3d392c14, type: 3}
  m_Name: 
  m_EditorClassIdentifier: 
  CharacterType: 1
  Icon: {fileID: 0}
  Stats:
    allStats:
      m_keys: 0100000000000000020000000300000004000000
      m_values: 1900000000000000000000000000000000000000
  HealthController: {fileID: 5669609890758226205}
  AnimationController: {fileID: 5669609891655062456}
  WeaponController: {fileID: 5669609890758226401}
  StatusEffectsController: {fileID: 5669609890758226207}
  UiController: {fileID: 4581225370889239201}
  ArctifactsController: {fileID: 0}
  AudioSource: {fileID: 0}
  AimingModule: {fileID: 0}
--- !u!195 &5669609891655062459
NavMeshAgent:
  m_ObjectHideFlags: 0
  m_CorrespondingSourceObject: {fileID: 0}
  m_PrefabInstance: {fileID: 0}
  m_PrefabAsset: {fileID: 0}
  m_GameObject: {fileID: 5669609890758226402}
  m_Enabled: 1
  m_AgentTypeID: 0
  m_Radius: 0.25
  m_Speed: 3.5
  m_Acceleration: 8
  avoidancePriority: 50
  m_AngularSpeed: 360
  m_StoppingDistance: 0
  m_AutoTraverseOffMeshLink: 1
  m_AutoBraking: 0
  m_AutoRepath: 1
  m_Height: 2
  m_BaseOffset: 0
  m_WalkableMask: 4294967295
  m_ObstacleAvoidanceType: 2
--- !u!114 &5669609891655062456
MonoBehaviour:
  m_ObjectHideFlags: 0
  m_CorrespondingSourceObject: {fileID: 0}
  m_PrefabInstance: {fileID: 0}
  m_PrefabAsset: {fileID: 0}
  m_GameObject: {fileID: 5669609890758226402}
  m_Enabled: 1
  m_EditorHideFlags: 0
  m_Script: {fileID: 11500000, guid: bfabe6aa4b6b60f4389027bb8069b3e7, type: 3}
  m_Name: 
  m_EditorClassIdentifier: 
  animator: {fileID: 7221540475155860407}
  agent: {fileID: 5669609891655062459}
  walkSoundDelay: 1.5
--- !u!114 &5669609891655062455
MonoBehaviour:
  m_ObjectHideFlags: 0
  m_CorrespondingSourceObject: {fileID: 0}
  m_PrefabInstance: {fileID: 0}
  m_PrefabAsset: {fileID: 0}
  m_GameObject: {fileID: 5669609890758226402}
  m_Enabled: 1
  m_EditorHideFlags: 0
  m_Script: {fileID: 11500000, guid: 72b7c6609d3de1147bb7cc88dc8ec358, type: 3}
  m_Name: 
  m_EditorClassIdentifier: 
  agent: {fileID: 5669609891655062459}
  lostDistance: 30
  sensorDistance: 15
  viewAngle: 90
  patroolRange: 3
--- !u!114 &5669609890758226207
MonoBehaviour:
  m_ObjectHideFlags: 0
  m_CorrespondingSourceObject: {fileID: 0}
  m_PrefabInstance: {fileID: 0}
  m_PrefabAsset: {fileID: 0}
  m_GameObject: {fileID: 5669609890758226402}
  m_Enabled: 1
  m_EditorHideFlags: 0
  m_Script: {fileID: 11500000, guid: 2060700018aa5e7468764a73b9501147, type: 3}
  m_Name: 
  m_EditorClassIdentifier: 
  hasteFX: {fileID: 0}
  rageFx: {fileID: 0}
  healingFX: {fileID: 0}
--- !u!114 &5669609890758226401
MonoBehaviour:
  m_ObjectHideFlags: 0
  m_CorrespondingSourceObject: {fileID: 0}
  m_PrefabInstance: {fileID: 0}
  m_PrefabAsset: {fileID: 0}
  m_GameObject: {fileID: 5669609890758226402}
  m_Enabled: 1
  m_EditorHideFlags: 0
  m_Script: {fileID: 11500000, guid: 148aeb41a34ca9c4e901a28ac4c223f3, type: 3}
  m_Name: 
  m_EditorClassIdentifier: 
  Weapon: {fileID: 0}
  atackspeedMultipl: 1
  UseAllowed: 1
  character: {fileID: 5669609890758226206}
--- !u!114 &5669609890758226205
MonoBehaviour:
  m_ObjectHideFlags: 0
  m_CorrespondingSourceObject: {fileID: 0}
  m_PrefabInstance: {fileID: 0}
  m_PrefabAsset: {fileID: 0}
  m_GameObject: {fileID: 5669609890758226402}
  m_Enabled: 1
  m_EditorHideFlags: 0
  m_Script: {fileID: 11500000, guid: 4f8f2f3f65d5aa541873f3d66c1de91a, type: 3}
  m_Name: 
  m_EditorClassIdentifier: 
--- !u!114 &4581225370889239201
MonoBehaviour:
  m_ObjectHideFlags: 0
  m_CorrespondingSourceObject: {fileID: 0}
  m_PrefabInstance: {fileID: 0}
  m_PrefabAsset: {fileID: 0}
  m_GameObject: {fileID: 5669609890758226402}
  m_Enabled: 1
  m_EditorHideFlags: 0
  m_Script: {fileID: 11500000, guid: e8e90ea265afbdf41aa79b9429785e5a, type: 3}
  m_Name: 
  m_EditorClassIdentifier: 
  character: {fileID: 5669609890758226206}
  healthSlider: {fileID: 3623869719829822259}
  healthGrid: {fileID: 1025008218660814111}
  effectsContainer: {fileID: 482064707375772360}
--- !u!114 &1201358262
MonoBehaviour:
  m_ObjectHideFlags: 0
  m_CorrespondingSourceObject: {fileID: 0}
  m_PrefabInstance: {fileID: 0}
  m_PrefabAsset: {fileID: 0}
  m_GameObject: {fileID: 5669609890758226402}
  m_Enabled: 1
  m_EditorHideFlags: 0
  m_Script: {fileID: 11500000, guid: 5c0d41ebb1c30c04db194cfb64c52216, type: 3}
  m_Name: 
  m_EditorClassIdentifier: 
  capasity: 0
  artifacts: []
  Weapon: {fileID: 11400000, guid: cae40242a1cf86446831ad61f4ef769c, type: 2}
--- !u!114 &-1440185063721708645
MonoBehaviour:
  m_ObjectHideFlags: 0
  m_CorrespondingSourceObject: {fileID: 0}
  m_PrefabInstance: {fileID: 0}
  m_PrefabAsset: {fileID: 0}
  m_GameObject: {fileID: 5669609890758226402}
  m_Enabled: 1
  m_EditorHideFlags: 0
  m_Script: {fileID: 11500000, guid: 115dfe7b0938447cbbf9507076f54049, type: 3}
  m_Name: 
  m_EditorClassIdentifier: 
  m_Tracked: {fileID: 5669609890757799362}
  m_Size: {x: 10, y: 10, z: 10}
--- !u!1001 &3260848594589869869
PrefabInstance:
  m_ObjectHideFlags: 0
  serializedVersion: 2
  m_Modification:
    m_TransformParent: {fileID: 5669609890757799362}
    m_Modifications:
    - target: {fileID: 3429938844037793603, guid: ad9e04114a0bb2f4987c589265c3f564,
        type: 3}
      propertyPath: m_Name
      value: Indicators
      objectReference: {fileID: 0}
    - target: {fileID: 3637316178984367644, guid: ad9e04114a0bb2f4987c589265c3f564,
        type: 3}
      propertyPath: m_LocalPosition.x
      value: 0
      objectReference: {fileID: 0}
    - target: {fileID: 3637316178984367644, guid: ad9e04114a0bb2f4987c589265c3f564,
        type: 3}
      propertyPath: m_LocalPosition.y
      value: 1.942
      objectReference: {fileID: 0}
    - target: {fileID: 3637316178984367644, guid: ad9e04114a0bb2f4987c589265c3f564,
        type: 3}
      propertyPath: m_LocalPosition.z
      value: 0
      objectReference: {fileID: 0}
    - target: {fileID: 3637316178984367644, guid: ad9e04114a0bb2f4987c589265c3f564,
        type: 3}
      propertyPath: m_LocalRotation.x
      value: 0
      objectReference: {fileID: 0}
    - target: {fileID: 3637316178984367644, guid: ad9e04114a0bb2f4987c589265c3f564,
        type: 3}
      propertyPath: m_LocalRotation.y
      value: 0
      objectReference: {fileID: 0}
    - target: {fileID: 3637316178984367644, guid: ad9e04114a0bb2f4987c589265c3f564,
        type: 3}
      propertyPath: m_LocalRotation.z
      value: 0
      objectReference: {fileID: 0}
    - target: {fileID: 3637316178984367644, guid: ad9e04114a0bb2f4987c589265c3f564,
        type: 3}
      propertyPath: m_LocalRotation.w
      value: 1
      objectReference: {fileID: 0}
    - target: {fileID: 3637316178984367644, guid: ad9e04114a0bb2f4987c589265c3f564,
        type: 3}
      propertyPath: m_RootOrder
      value: 0
      objectReference: {fileID: 0}
    - target: {fileID: 3637316178984367644, guid: ad9e04114a0bb2f4987c589265c3f564,
        type: 3}
      propertyPath: m_LocalEulerAnglesHint.x
      value: 0
      objectReference: {fileID: 0}
    - target: {fileID: 3637316178984367644, guid: ad9e04114a0bb2f4987c589265c3f564,
        type: 3}
      propertyPath: m_LocalEulerAnglesHint.y
      value: 0
      objectReference: {fileID: 0}
    - target: {fileID: 3637316178984367644, guid: ad9e04114a0bb2f4987c589265c3f564,
        type: 3}
      propertyPath: m_LocalEulerAnglesHint.z
      value: 0
      objectReference: {fileID: 0}
    - target: {fileID: 3577716797611266843, guid: ad9e04114a0bb2f4987c589265c3f564,
        type: 3}
      propertyPath: m_AnchorMax.x
      value: 0
      objectReference: {fileID: 0}
    - target: {fileID: 3577716797611266843, guid: ad9e04114a0bb2f4987c589265c3f564,
        type: 3}
      propertyPath: m_AnchorMax.y
      value: 0
      objectReference: {fileID: 0}
    - target: {fileID: 613614368959678940, guid: ad9e04114a0bb2f4987c589265c3f564,
        type: 3}
      propertyPath: m_LocalRotation.x
      value: -0.040002882
      objectReference: {fileID: 0}
    - target: {fileID: 613614368959678940, guid: ad9e04114a0bb2f4987c589265c3f564,
        type: 3}
      propertyPath: m_LocalRotation.y
      value: 0.8635874
      objectReference: {fileID: 0}
    - target: {fileID: 613614368959678940, guid: ad9e04114a0bb2f4987c589265c3f564,
        type: 3}
      propertyPath: m_LocalRotation.z
      value: 0.49779573
      objectReference: {fileID: 0}
    - target: {fileID: 613614368959678940, guid: ad9e04114a0bb2f4987c589265c3f564,
        type: 3}
      propertyPath: m_LocalRotation.w
      value: 0.06939792
      objectReference: {fileID: 0}
    - target: {fileID: 613614368959678940, guid: ad9e04114a0bb2f4987c589265c3f564,
        type: 3}
      propertyPath: m_LocalScale.x
      value: 0.01
      objectReference: {fileID: 0}
    - target: {fileID: 613614368959678940, guid: ad9e04114a0bb2f4987c589265c3f564,
        type: 3}
      propertyPath: m_LocalScale.y
      value: 0.01
      objectReference: {fileID: 0}
    - target: {fileID: 613614368959678940, guid: ad9e04114a0bb2f4987c589265c3f564,
        type: 3}
      propertyPath: m_LocalScale.z
      value: 0.01
      objectReference: {fileID: 0}
    - target: {fileID: 7456792859770576874, guid: ad9e04114a0bb2f4987c589265c3f564,
        type: 3}
      propertyPath: m_IsActive
      value: 0
      objectReference: {fileID: 0}
    - target: {fileID: 5635806304139532696, guid: ad9e04114a0bb2f4987c589265c3f564,
        type: 3}
      propertyPath: m_AnchorMin.y
      value: 1
      objectReference: {fileID: 0}
    - target: {fileID: 5635806304139532696, guid: ad9e04114a0bb2f4987c589265c3f564,
        type: 3}
      propertyPath: m_AnchorMax.y
      value: 1
      objectReference: {fileID: 0}
    - target: {fileID: 5635806304139532696, guid: ad9e04114a0bb2f4987c589265c3f564,
        type: 3}
      propertyPath: m_AnchoredPosition.x
      value: 80
      objectReference: {fileID: 0}
    - target: {fileID: 5635806304139532696, guid: ad9e04114a0bb2f4987c589265c3f564,
        type: 3}
      propertyPath: m_AnchoredPosition.y
      value: -12.5
      objectReference: {fileID: 0}
    - target: {fileID: 5635806304139532696, guid: ad9e04114a0bb2f4987c589265c3f564,
        type: 3}
      propertyPath: m_SizeDelta.x
      value: 160
      objectReference: {fileID: 0}
    - target: {fileID: 5635806304139532696, guid: ad9e04114a0bb2f4987c589265c3f564,
        type: 3}
      propertyPath: m_SizeDelta.y
      value: 25
      objectReference: {fileID: 0}
    - target: {fileID: 564142671175726557, guid: ad9e04114a0bb2f4987c589265c3f564,
        type: 3}
      propertyPath: Image
      value: 
      objectReference: {fileID: 7152063483680608187}
    - target: {fileID: 6920766226573104211, guid: ad9e04114a0bb2f4987c589265c3f564,
        type: 3}
      propertyPath: m_Sprite
      value: 
      objectReference: {fileID: 21300000, guid: cba3c58f760015d438e50168edd8f174,
        type: 3}
    - target: {fileID: 6920766226573104211, guid: ad9e04114a0bb2f4987c589265c3f564,
        type: 3}
      propertyPath: m_Type
      value: 0
      objectReference: {fileID: 0}
    - target: {fileID: 6920766226573104211, guid: ad9e04114a0bb2f4987c589265c3f564,
        type: 3}
      propertyPath: m_Color.r
      value: 1
      objectReference: {fileID: 0}
    - target: {fileID: 6920766226573104211, guid: ad9e04114a0bb2f4987c589265c3f564,
        type: 3}
      propertyPath: m_Color.g
      value: 1
      objectReference: {fileID: 0}
    - target: {fileID: 6920766226573104211, guid: ad9e04114a0bb2f4987c589265c3f564,
        type: 3}
      propertyPath: m_Color.b
      value: 1
      objectReference: {fileID: 0}
    - target: {fileID: 8976019346576489134, guid: ad9e04114a0bb2f4987c589265c3f564,
        type: 3}
      propertyPath: m_Sprite
      value: 
      objectReference: {fileID: 21300000, guid: 192d5ee07cf96014688f34da960c6dea,
        type: 3}
    - target: {fileID: 8976019346576489134, guid: ad9e04114a0bb2f4987c589265c3f564,
        type: 3}
      propertyPath: m_Type
      value: 0
      objectReference: {fileID: 0}
    - target: {fileID: 8976019346576489134, guid: ad9e04114a0bb2f4987c589265c3f564,
        type: 3}
      propertyPath: m_Color.r
      value: 1
      objectReference: {fileID: 0}
    - target: {fileID: 8976019346576489134, guid: ad9e04114a0bb2f4987c589265c3f564,
        type: 3}
      propertyPath: m_Color.g
      value: 1
      objectReference: {fileID: 0}
    - target: {fileID: 8976019346576489134, guid: ad9e04114a0bb2f4987c589265c3f564,
        type: 3}
      propertyPath: m_Color.b
      value: 1
      objectReference: {fileID: 0}
    m_RemovedComponents: []
  m_SourcePrefab: {fileID: 100100000, guid: ad9e04114a0bb2f4987c589265c3f564, type: 3}
--- !u!4 &2250264130998538545 stripped
Transform:
  m_CorrespondingSourceObject: {fileID: 3637316178984367644, guid: ad9e04114a0bb2f4987c589265c3f564,
    type: 3}
  m_PrefabInstance: {fileID: 3260848594589869869}
  m_PrefabAsset: {fileID: 0}
--- !u!224 &6922136069383851101 stripped
RectTransform:
  m_CorrespondingSourceObject: {fileID: 5571096299888405360, guid: ad9e04114a0bb2f4987c589265c3f564,
    type: 3}
  m_PrefabInstance: {fileID: 3260848594589869869}
  m_PrefabAsset: {fileID: 0}
--- !u!114 &3623869719829822259 stripped
MonoBehaviour:
  m_CorrespondingSourceObject: {fileID: 2236686795508833310, guid: ad9e04114a0bb2f4987c589265c3f564,
    type: 3}
  m_PrefabInstance: {fileID: 3260848594589869869}
  m_PrefabAsset: {fileID: 0}
  m_GameObject: {fileID: 0}
  m_Enabled: 1
  m_EditorHideFlags: 0
  m_Script: {fileID: 11500000, guid: 67db9e8f0e2ae9c40bc1e2b64352a6b4, type: 3}
  m_Name: 
  m_EditorClassIdentifier: 
--- !u!224 &1025008218660814111 stripped
RectTransform:
  m_CorrespondingSourceObject: {fileID: 2556165584983054898, guid: ad9e04114a0bb2f4987c589265c3f564,
    type: 3}
  m_PrefabInstance: {fileID: 3260848594589869869}
  m_PrefabAsset: {fileID: 0}
--- !u!224 &482064707375772360 stripped
RectTransform:
  m_CorrespondingSourceObject: {fileID: 3166171040300586469, guid: ad9e04114a0bb2f4987c589265c3f564,
    type: 3}
  m_PrefabInstance: {fileID: 3260848594589869869}
  m_PrefabAsset: {fileID: 0}
--- !u!114 &7152063483680608187 stripped
MonoBehaviour:
  m_CorrespondingSourceObject: {fileID: 5621028198584101014, guid: ad9e04114a0bb2f4987c589265c3f564,
    type: 3}
  m_PrefabInstance: {fileID: 3260848594589869869}
  m_PrefabAsset: {fileID: 0}
  m_GameObject: {fileID: 0}
  m_Enabled: 1
  m_EditorHideFlags: 0
  m_Script: {fileID: 11500000, guid: fe87c0e1cc204ed48ad3b37840f39efc, type: 3}
  m_Name: 
  m_EditorClassIdentifier: 
--- !u!1001 &5749029376797199831
PrefabInstance:
  m_ObjectHideFlags: 0
  serializedVersion: 2
  m_Modification:
    m_TransformParent: {fileID: 5669609890757799362}
    m_Modifications:
    - target: {fileID: -927199367670048503, guid: ae9227448940f7b4386e114359bd5d16,
        type: 3}
      propertyPath: m_Name
      value: goblin_atack
      objectReference: {fileID: 0}
    - target: {fileID: -6057140222963153312, guid: ae9227448940f7b4386e114359bd5d16,
        type: 3}
      propertyPath: m_Controller
      value: 
      objectReference: {fileID: 22100000, guid: b3fdb3495860c7345b61526ad2bb69e5,
        type: 2}
    - target: {fileID: -6057140222963153312, guid: ae9227448940f7b4386e114359bd5d16,
        type: 3}
      propertyPath: m_ApplyRootMotion
      value: 0
      objectReference: {fileID: 0}
    - target: {fileID: -4216859302048453862, guid: ae9227448940f7b4386e114359bd5d16,
        type: 3}
      propertyPath: m_LocalPosition.x
      value: 0
      objectReference: {fileID: 0}
    - target: {fileID: -4216859302048453862, guid: ae9227448940f7b4386e114359bd5d16,
        type: 3}
      propertyPath: m_LocalPosition.y
      value: 0
      objectReference: {fileID: 0}
    - target: {fileID: -4216859302048453862, guid: ae9227448940f7b4386e114359bd5d16,
        type: 3}
      propertyPath: m_LocalPosition.z
      value: 0
      objectReference: {fileID: 0}
    - target: {fileID: -4216859302048453862, guid: ae9227448940f7b4386e114359bd5d16,
        type: 3}
      propertyPath: m_LocalRotation.x
      value: 0
      objectReference: {fileID: 0}
    - target: {fileID: -4216859302048453862, guid: ae9227448940f7b4386e114359bd5d16,
        type: 3}
      propertyPath: m_LocalRotation.y
      value: 0
      objectReference: {fileID: 0}
    - target: {fileID: -4216859302048453862, guid: ae9227448940f7b4386e114359bd5d16,
        type: 3}
      propertyPath: m_LocalRotation.z
      value: 0
      objectReference: {fileID: 0}
    - target: {fileID: -4216859302048453862, guid: ae9227448940f7b4386e114359bd5d16,
        type: 3}
      propertyPath: m_LocalRotation.w
      value: 1
      objectReference: {fileID: 0}
    - target: {fileID: -4216859302048453862, guid: ae9227448940f7b4386e114359bd5d16,
        type: 3}
      propertyPath: m_RootOrder
      value: 1
      objectReference: {fileID: 0}
    - target: {fileID: -4216859302048453862, guid: ae9227448940f7b4386e114359bd5d16,
        type: 3}
      propertyPath: m_LocalEulerAnglesHint.x
      value: 0
      objectReference: {fileID: 0}
    - target: {fileID: -4216859302048453862, guid: ae9227448940f7b4386e114359bd5d16,
        type: 3}
      propertyPath: m_LocalEulerAnglesHint.y
      value: 0
      objectReference: {fileID: 0}
    - target: {fileID: -4216859302048453862, guid: ae9227448940f7b4386e114359bd5d16,
        type: 3}
      propertyPath: m_LocalEulerAnglesHint.z
      value: 0
      objectReference: {fileID: 0}
    - target: {fileID: -4154779852888883423, guid: ae9227448940f7b4386e114359bd5d16,
        type: 3}
      propertyPath: m_LocalRotation.x
      value: 0.000000058261787
      objectReference: {fileID: 0}
    - target: {fileID: -4154779852888883423, guid: ae9227448940f7b4386e114359bd5d16,
        type: 3}
      propertyPath: m_LocalRotation.z
      value: 0.1421371
      objectReference: {fileID: 0}
    m_RemovedComponents: []
  m_SourcePrefab: {fileID: 100100000, guid: ae9227448940f7b4386e114359bd5d16, type: 3}
--- !u!4 &770699431427303117 stripped
Transform:
  m_CorrespondingSourceObject: {fileID: -4216859302048453862, guid: ae9227448940f7b4386e114359bd5d16,
    type: 3}
  m_PrefabInstance: {fileID: 5749029376797199831}
  m_PrefabAsset: {fileID: 0}
--- !u!95 &7221540475155860407 stripped
Animator:
  m_CorrespondingSourceObject: {fileID: -6057140222963153312, guid: ae9227448940f7b4386e114359bd5d16,
    type: 3}
  m_PrefabInstance: {fileID: 5749029376797199831}
  m_PrefabAsset: {fileID: 0}
