%YAML 1.1
%TAG !u! tag:unity3d.com,2011:
--- !u!1 &7063867098197776989
GameObject:
  m_ObjectHideFlags: 0
  m_CorrespondingSourceObject: {fileID: 0}
  m_PrefabInstance: {fileID: 0}
  m_PrefabAsset: {fileID: 0}
  serializedVersion: 6
  m_Component:
  - component: {fileID: 7063867098197776990}
  - component: {fileID: 7063867098197776986}
  - component: {fileID: 7063867098197776985}
  - component: {fileID: 7063867098197776987}
  - component: {fileID: 7063867098197776984}
  - component: {fileID: 7063867098197776991}
  - component: {fileID: 7063867098197776981}
  - component: {fileID: 7063867098197776980}
  - component: {fileID: 7063867098197776978}
  - component: {fileID: 7063867098197776977}
  - component: {fileID: 7063867098197776976}
  - component: {fileID: 7063867098197776983}
  - component: {fileID: 7063867098197776982}
  - component: {fileID: 7063867098197776979}
  m_Layer: 0
  m_Name: Capsule_mele
  m_TagString: Player
  m_Icon: {fileID: 0}
  m_NavMeshLayer: 0
  m_StaticEditorFlags: 0
  m_IsActive: 1
--- !u!4 &7063867098197776990
Transform:
  m_ObjectHideFlags: 0
  m_CorrespondingSourceObject: {fileID: 0}
  m_PrefabInstance: {fileID: 0}
  m_PrefabAsset: {fileID: 0}
  m_GameObject: {fileID: 7063867098197776989}
  m_LocalRotation: {x: 0, y: 0, z: 0, w: 1}
  m_LocalPosition: {x: 0, y: 1.513, z: 0}
  m_LocalScale: {x: 1, y: 1, z: 1}
  m_Children: []
  m_Father: {fileID: 0}
  m_RootOrder: 0
  m_LocalEulerAnglesHint: {x: 0, y: 0, z: 0}
--- !u!33 &7063867098197776986
MeshFilter:
  m_ObjectHideFlags: 0
  m_CorrespondingSourceObject: {fileID: 0}
  m_PrefabInstance: {fileID: 0}
  m_PrefabAsset: {fileID: 0}
  m_GameObject: {fileID: 7063867098197776989}
  m_Mesh: {fileID: 10208, guid: 0000000000000000e000000000000000, type: 0}
--- !u!23 &7063867098197776985
MeshRenderer:
  m_ObjectHideFlags: 0
  m_CorrespondingSourceObject: {fileID: 0}
  m_PrefabInstance: {fileID: 0}
  m_PrefabAsset: {fileID: 0}
  m_GameObject: {fileID: 7063867098197776989}
  m_Enabled: 1
  m_CastShadows: 1
  m_ReceiveShadows: 1
  m_DynamicOccludee: 1
  m_MotionVectors: 1
  m_LightProbeUsage: 1
  m_ReflectionProbeUsage: 1
  m_RenderingLayerMask: 1
  m_RendererPriority: 0
  m_Materials:
  - {fileID: 2100000, guid: 33a5eeb015bd67445bdd3ab2f3611ebb, type: 2}
  m_StaticBatchInfo:
    firstSubMesh: 0
    subMeshCount: 0
  m_StaticBatchRoot: {fileID: 0}
  m_ProbeAnchor: {fileID: 0}
  m_LightProbeVolumeOverride: {fileID: 0}
  m_ScaleInLightmap: 1
  m_ReceiveGI: 1
  m_PreserveUVs: 0
  m_IgnoreNormalsForChartDetection: 0
  m_ImportantGI: 0
  m_StitchLightmapSeams: 1
  m_SelectedEditorRenderState: 3
  m_MinimumChartSize: 4
  m_AutoUVMaxDistance: 0.5
  m_AutoUVMaxAngle: 89
  m_LightmapParameters: {fileID: 0}
  m_SortingLayerID: 0
  m_SortingLayer: 0
  m_SortingOrder: 0
--- !u!114 &7063867098197776987
MonoBehaviour:
  m_ObjectHideFlags: 0
  m_CorrespondingSourceObject: {fileID: 0}
  m_PrefabInstance: {fileID: 0}
  m_PrefabAsset: {fileID: 0}
  m_GameObject: {fileID: 7063867098197776989}
  m_Enabled: 1
  m_EditorHideFlags: 0
  m_Script: {fileID: 11500000, guid: 7e3cd722ab3b84c4ba94673b3d392c14, type: 3}
  m_Name: 
  m_EditorClassIdentifier: 
  CharacterType: 0
  Icon: {fileID: 21300000, guid: 9190c2df3b425c14fbddb98fc177e5a9, type: 3}
  Stats:
    allStats:
      m_keys: 0000000001000000020000000300000004000000
      m_values: 0000000019000000000000000000000000000000
  HealthController: {fileID: 7063867098197776978}
  AnimationController: {fileID: 7063867098197776976}
  WeaponController: {fileID: 7063867098197776981}
  StatusEffectsController: {fileID: 7063867098197776983}
  UiController: {fileID: 7063867098197776977}
  ArctifactsController: {fileID: 7063867098197776982}
--- !u!136 &7063867098197776984
CapsuleCollider:
  m_ObjectHideFlags: 0
  m_CorrespondingSourceObject: {fileID: 0}
  m_PrefabInstance: {fileID: 0}
  m_PrefabAsset: {fileID: 0}
  m_GameObject: {fileID: 7063867098197776989}
  m_Material: {fileID: 0}
  m_IsTrigger: 0
  m_Enabled: 1
  m_Radius: 0.5
  m_Height: 2
  m_Direction: 1
  m_Center: {x: 0, y: 0, z: 0}
--- !u!195 &7063867098197776991
NavMeshAgent:
  m_ObjectHideFlags: 0
  m_CorrespondingSourceObject: {fileID: 0}
  m_PrefabInstance: {fileID: 0}
  m_PrefabAsset: {fileID: 0}
  m_GameObject: {fileID: 7063867098197776989}
  m_Enabled: 1
  m_AgentTypeID: 0
  m_Radius: 0.5
  m_Speed: 20
  m_Acceleration: 20
  avoidancePriority: 50
  m_AngularSpeed: 120
  m_StoppingDistance: 0
  m_AutoTraverseOffMeshLink: 1
  m_AutoBraking: 1
  m_AutoRepath: 1
  m_Height: 2
  m_BaseOffset: 1
  m_WalkableMask: 4294967295
  m_ObstacleAvoidanceType: 4
--- !u!114 &7063867098197776981
MonoBehaviour:
  m_ObjectHideFlags: 0
  m_CorrespondingSourceObject: {fileID: 0}
  m_PrefabInstance: {fileID: 0}
  m_PrefabAsset: {fileID: 0}
  m_GameObject: {fileID: 7063867098197776989}
  m_Enabled: 1
  m_EditorHideFlags: 0
  m_Script: {fileID: 11500000, guid: 148aeb41a34ca9c4e901a28ac4c223f3, type: 3}
  m_Name: 
  m_EditorClassIdentifier: 
  Weapon: {fileID: 0}
  atackspeedMultipl: 1
  UseAllowed: 0
--- !u!114 &7063867098197776980
MonoBehaviour:
  m_ObjectHideFlags: 0
  m_CorrespondingSourceObject: {fileID: 0}
  m_PrefabInstance: {fileID: 0}
  m_PrefabAsset: {fileID: 0}
  m_GameObject: {fileID: 7063867098197776989}
  m_Enabled: 1
  m_EditorHideFlags: 0
  m_Script: {fileID: 11500000, guid: 5c0d41ebb1c30c04db194cfb64c52216, type: 3}
  m_Name: 
  m_EditorClassIdentifier: 
  capasity: 0
  artifacts: []
  Weapon: {fileID: 11400000, guid: d163a6ae339eb1442893a1d2ebe44f09, type: 2}
--- !u!114 &7063867098197776978
MonoBehaviour:
  m_ObjectHideFlags: 0
  m_CorrespondingSourceObject: {fileID: 0}
  m_PrefabInstance: {fileID: 0}
  m_PrefabAsset: {fileID: 0}
  m_GameObject: {fileID: 7063867098197776989}
  m_Enabled: 1
  m_EditorHideFlags: 0
  m_Script: {fileID: 11500000, guid: 4f8f2f3f65d5aa541873f3d66c1de91a, type: 3}
  m_Name: 
  m_EditorClassIdentifier: 
--- !u!114 &7063867098197776977
MonoBehaviour:
  m_ObjectHideFlags: 0
  m_CorrespondingSourceObject: {fileID: 0}
  m_PrefabInstance: {fileID: 0}
  m_PrefabAsset: {fileID: 0}
  m_GameObject: {fileID: 7063867098197776989}
  m_Enabled: 1
  m_EditorHideFlags: 0
  m_Script: {fileID: 11500000, guid: e8e90ea265afbdf41aa79b9429785e5a, type: 3}
  m_Name: 
  m_EditorClassIdentifier: 
  character: {fileID: 7063867098197776987}
  healthSlider: {fileID: 0}
  healthGrid: {fileID: 0}
  effectsContainer: {fileID: 0}
--- !u!114 &7063867098197776976
MonoBehaviour:
  m_ObjectHideFlags: 0
  m_CorrespondingSourceObject: {fileID: 0}
  m_PrefabInstance: {fileID: 0}
  m_PrefabAsset: {fileID: 0}
  m_GameObject: {fileID: 7063867098197776989}
  m_Enabled: 1
  m_EditorHideFlags: 0
  m_Script: {fileID: 11500000, guid: bfabe6aa4b6b60f4389027bb8069b3e7, type: 3}
  m_Name: 
  m_EditorClassIdentifier: 
  animator: {fileID: 7063867098197776979}
  agent: {fileID: 7063867098197776991}
  smootherVelocity: {x: 0, y: 0, z: 0}
--- !u!114 &7063867098197776983
MonoBehaviour:
  m_ObjectHideFlags: 0
  m_CorrespondingSourceObject: {fileID: 0}
  m_PrefabInstance: {fileID: 0}
  m_PrefabAsset: {fileID: 0}
  m_GameObject: {fileID: 7063867098197776989}
  m_Enabled: 1
  m_EditorHideFlags: 0
  m_Script: {fileID: 11500000, guid: 2060700018aa5e7468764a73b9501147, type: 3}
  m_Name: 
  m_EditorClassIdentifier: 
--- !u!114 &7063867098197776982
MonoBehaviour:
  m_ObjectHideFlags: 0
  m_CorrespondingSourceObject: {fileID: 0}
  m_PrefabInstance: {fileID: 0}
  m_PrefabAsset: {fileID: 0}
  m_GameObject: {fileID: 7063867098197776989}
  m_Enabled: 1
  m_EditorHideFlags: 0
  m_Script: {fileID: 11500000, guid: 50e6ba19ad977824d8f899c866707fc2, type: 3}
  m_Name: 
  m_EditorClassIdentifier: 
  capacity: 0
  Artifacts: []
  atackspeedMultipl: 1
  UseAllowed: 0
--- !u!95 &7063867098197776979
Animator:
  serializedVersion: 3
  m_ObjectHideFlags: 0
  m_CorrespondingSourceObject: {fileID: 0}
  m_PrefabInstance: {fileID: 0}
  m_PrefabAsset: {fileID: 0}
  m_GameObject: {fileID: 7063867098197776989}
  m_Enabled: 1
  m_Avatar: {fileID: 0}
  m_Controller: {fileID: 0}
  m_CullingMode: 0
  m_UpdateMode: 0
  m_ApplyRootMotion: 0
  m_LinearVelocityBlending: 0
  m_WarningMessage: 
  m_HasTransformHierarchy: 1
  m_AllowConstantClipSamplingOptimization: 1
  m_KeepAnimatorControllerStateOnDisable: 0
